@article{chen2014var,
  author    = {陈坚},
  title     = {中国股票市场尾部风险与收益率预测——基于 Copula 与极值理论的 VaR 对比研究},
  journal   = {厦门大学学报（哲学社会科学版）},
  volume    = {224},
  number    = {4},
  pages     = {45--94},
  year      = {2014},
  note      = {基于国家自然科学基金项目（71201136）},
  publisher = {厦门大学}
}

@article{nieto2016frontiers,
  author    = {Nieto, Maria Rosa and Ruiz, Esther},
  title     = {Frontiers in VaR forecasting and backtesting},
  journal   = {International Journal of Forecasting},
  volume    = {32},
  number    = {2},
  pages     = {475--501},
  year      = {2016},
  publisher = {Elsevier}
}
