@article{chen2014,
  title    = {中国股票市场尾部风险与收益率预测———基于Copula与极值理论的VaR对比研究},
  author   = {陈坚},
  journal  = {厦门大学学报(哲学社会科学版)},
  volume   = {2014},
  number   = {4},
  pages    = {45--54},
  year     = {2014},
  language = {chinese}
}

@article{mclean2016,
  title   = {Does Academic Research Destroy Stock Return Predictability?},
  author  = {R. David McLean and Jeffrey Pontiff},
  journal = {The Journal of Finance},
  volume  = {71},
  number  = {1},
  pages   = {26--58},
  year    = {2016}
}

@article{chen2018,
  title    = {中国股票市场的已实现偏度与收益率预测},
  author   = {陈坚 and 张轶凡},
  journal  = {金融研究},
  volume   = {2018},
  number   = {9},
  pages    = {107--125},
  year     = {2018},
  language = {chinese}
}

@article{jiang2019,
  title    = {中国股票市场收益率的可预测性研究},
  author   = {蒋志强 and 田婧雯 and 周炜星},
  journal  = {管理科学学报},
  volume   = {22},
  number   = {4},
  pages    = {92--109},
  year     = {2019},
  language = {chinese}
}

@article{li2023,
  title    = {中国股票市场可预测性研究: 基于机器学习的视角},
  author   = {李斌 and 龙真},
  journal  = {管理科学学报},
  volume   = {26},
  number   = {10},
  pages    = {138--159},
  year     = {2023},
  language = {chinese}
}

@book{rapach2020,
  title     = {Time-series and Cross-sectional Stock Return Forecasting: New Machine Learning Methods},
  author    = {David E. Rapach and Guofu Zhou},
  editor    = {Emmanuel Jurczenko},
  booktitle = {Machine Learning for Asset Management: New Developments and Financial Applications},
  publisher = {ISTE Ltd and John Wiley \& Sons, Inc.},
  year      = {2020}
}