@article{fama1973risk,
  title     = {Risk, Return, and Equilibrium: Empirical Tests},
  author    = {Fama, Eugene F. and MacBeth, James D.},
  journal   = {Journal of Political Economy},
  volume    = {81},
  number    = {3},
  pages     = {607--636},
  year      = {1973},
  publisher = {The University of Chicago Press}
}

@article{jin2001capm,
  title    = {中国股票市场CAPM的实证研究},
  author   = {靳云汇 and 刘霖},
  journal  = {金融研究},
  volume   = {253},
  number   = {7},
  pages    = {106-115},
  year     = {2001},
  language = {Chinese}
}

@article{jia2003efficiency,
  title    = {中国股市有效性的实证分析},
  author   = {贾权 and 陈章武},
  journal  = {金融研究},
  volume   = {7},
  pages    = {86-92},
  year     = {2003},
  language = {Chinese}
}

@article{shi2015profitability,
  title     = {Profitability of Contrarian Strategies in the Chinese Stock Market},
  author    = {Shi, Huai-Long and Jiang, Zhi-Qiang and Zhou, Wei-Xing},
  journal   = {PLOS ONE},
  volume    = {10},
  number    = {9},
  pages     = {e0137892},
  year      = {2015},
  publisher = {Public Library of Science}
}
