@article{li2017fama,
  title    = {Fama-French五因子模型在中国股票市场的实证检验},
  author   = {李志兵 and 杨光益 and 冯永昌 and 景亮},
  journal  = {金融研究},
  number   = {6},
  pages    = {191--206},
  year     = {2017},
  language = {Chinese}
}

@article{zhao2016fama,
  title    = {Fama-French五因子模型比三因子模型更胜一筹吗——来自中国A股市场的经验证据},
  author   = {赵胜民 and 闫红蕾 and 张凯},
  journal  = {南开经济研究},
  number   = {2},
  pages    = {41--59},
  year     = {2016},
  language = {Chinese}
}

@article{zhang2014ff,
  title    = {FF三因子模型风险因子的有效性检验——基于2001-2011年我国资本市场数据},
  author   = {张宏亮 and 赵雅娜},
  journal  = {财会通讯},
  number   = {30},
  pages    = {113--116},
  year     = {2014},
  language = {Chinese}
}

@article{carpenter2021real,
  title     = {The real value of China’s stock market},
  author    = {Carpenter, Jennifer N. and Lu, Fangzhou and Whitelaw, Robert F.},
  journal   = {Journal of Financial Economics},
  volume    = {139},
  pages     = {679--696},
  year      = {2021},
  publisher = {Elsevier},
  language  = {English}
}

@article{liu2019size,
  title     = {Size and value in China},
  author    = {Liu, Jianan and Stambaugh, Robert F. and Yuan, Yu},
  journal   = {Journal of Financial Economics},
  volume    = {134},
  pages     = {48--69},
  year      = {2019},
  publisher = {Elsevier},
  language  = {English}
}