@article{engle2004risk,
  title     = {Risk and Volatility: Econometric Models and Financial Practice},
  author    = {Engle, Robert F.},
  journal   = {The American Economic Review},
  volume    = {94},
  number    = {3},
  pages     = {405--420},
  year      = {2004},
  publisher = {American Economic Association}
}

@article{zheng2010volatility,
  title   = {波动率预测: GARCH模型与隐含波动率},
  author  = {郑振龙 and 黄薏舟},
  journal = {数量经济技术经济研究},
  volume  = {27},
  number  = {1},
  pages   = {140--150},
  year    = {2010},
  lang    = {chinese}
}

@article{wei2007volatility,
  title   = {中国股票市场的波动率预测模型及其SPA检验},
  author  = {魏宇 and 余怡萍},
  journal = {金融研究},
  number  = {7},
  pages   = {138--150},
  year    = {2007},
  lang    = {chinese}
}