@article{antweiler2004information,
  title     = {Is all that talk just noise? The information content of internet stock message boards},
  author    = {Antweiler, Werner and Frank, Murray Z},
  journal   = {The Journal of Finance},
  volume    = {59},
  number    = {3},
  pages     = {1259--1294},
  year      = {2004},
  publisher = {Wiley Online Library},
  note      = {[English]}
}

@article{cheng2013investor,
  title   = {社交媒体的投资者涨跌情绪与证券市场指数},
  author  = {程琬芸 and 林杰},
  journal = {管理科学},
  volume  = {26},
  number  = {5},
  pages   = {111--119},
  year    = {2013},
  note    = {[Chinese]}
}

@article{zhang2014internet,
  title   = {网络搜索能预测股票市场吗?},
  author  = {张谊浩 and 李元 and 苏中锋 and 张泽林},
  journal = {金融研究},
  number  = {2},
  pages   = {193--206},
  year    = {2014},
  note    = {[Chinese]}
}

@article{harris1993differences,
  title     = {Differences of opinion make a horse race},
  author    = {Harris, Milton and Raviv, Artur},
  journal   = {The Review of Financial Studies},
  volume    = {6},
  number    = {3},
  pages     = {473--506},
  year      = {1993},
  publisher = {Oxford University Press},
  note      = {[English]}
}