@article{sun2019covariance,
  title     = {对冲基金分布复制模型的协方差估计与算法实现},
  author    = {孙慧萍 and 王美清 and 洪倩颖},
  journal   = {福州大学学报(自然科学版)},
  volume    = {47},
  number    = {2},
  pages     = {173--179},
  year      = {2019},
  month     = {4},
  doi       = {10.7631/issn.1000-2243.18228},
  publisher = {福州大学},
  lang      = {chinese}
}