@article{kim2018forecasting,
  title     = {Forecasting the volatility of stock price index: A hybrid model integrating LSTM with multiple GARCH-type models},
  author    = {Kim, Hyun Yeul and Won, Chang Hyun},
  journal   = {Expert Systems with Applications},
  volume    = {103},
  pages     = {25--37},
  year      = {2018},
  publisher = {Elsevier}
}

@article{sullivan2019stock,
  title     = {Stock Price Volatility Prediction with Long Short-Term Memory Neural Networks},
  author    = {Sullivan, Jason C.},
  journal   = {IEEE Transactions on Computational Social Systems},
  volume    = {6},
  number    = {2},
  pages     = {1--4},
  year      = {2019},
  publisher = {IEEE}
}

@article{kakade2022value,
  title     = {Value-at-Risk forecasting: A hybrid ensemble learning GARCH-LSTM based approach},
  author    = {Kakade, Onkar and Tilekar, Pooja and Mahalle, Sonal and Bhalerao, Vaibhav},
  journal   = {Resources Policy},
  volume    = {78},
  pages     = {102841},
  year      = {2022},
  publisher = {Elsevier}
}

@article{zhang2024vmd,
  title     = {The fluctuation correlation between investor sentiment and stock index using VMD-LSTM: Evidence from China stock market},
  author    = {Zhang, Yuan and Chen, Zhonglin and Gao, Jianwei},
  journal   = {North American Journal of Economics and Finance},
  volume    = {67},
  pages     = {101902},
  year      = {2024},
  publisher = {Elsevier}
}

@article{qiaoa2022prediction,
  title     = {Prediction of stock return by LSTM neural network},
  author    = {Qiaoa, Risheng},
  journal   = {Applied Artificial Intelligence},
  volume    = {36},
  number    = {1},
  pages     = {2151159},
  year      = {2022},
  publisher = {Taylor \& Francis}
}

@article{firdous2023garch,
  title     = {GARCH-MIDAS-LSTM approach: The Effects of Economic Expectations, Geopolitical Risks and Industrial Production during COVID-19},
  author    = {Firdous, Ahmad and Kocaarslan, Barış and Küçüksaraç, Doruk and Uzuner, Gökçe},
  journal   = {Mathematics},
  volume    = {11},
  number    = {8},
  pages     = {1785},
  year      = {2023},
  publisher = {MDPI}
}

@article{yao2024time,
  title     = {Time series forecasting of stock market indices based on DLWR-LSTM model},
  author    = {Yao, Dingjun and Yan, Kai},
  journal   = {Research in International Business and Finance},
  volume    = {68},
  pages     = {102212},
  year      = {2024},
  publisher = {Elsevier}
}

@article{cao2005nonlinear,
  title     = {Nonlinear modeling of stock market returns: a case study for Chinese A-share market},
  author    = {Cao, Qing and Leggio, Karyl B and Schniederjans, Marc J},
  journal   = {Journal of Finance and Economics},
  volume    = {3},
  number    = {1},
  pages     = {1--12},
  year      = {2005},
  publisher = {Science and Engineering Publishing Company}
}

@article{tsay2013financial,
  title     = {Financial time series analysis},
  author    = {Tsay, Ruey S},
  journal   = {Journal of the American Statistical Association},
  volume    = {108},
  number    = {502},
  pages     = {714--715},
  year      = {2013},
  publisher = {Taylor \& Francis}
}

@article{hochreiter1997lstm,
  title     = {Long short-term memory},
  author    = {Hochreiter, Sepp and Schmidhuber, J{\"u}rgen},
  journal   = {Neural computation},
  volume    = {9},
  number    = {8},
  pages     = {1735--1780},
  year      = {1997},
  publisher = {MIT Press}
}

@article{bollerslev1986generalized,
  title     = {Generalized autoregressive conditional heteroskedasticity},
  author    = {Bollerslev, Tim},
  journal   = {Journal of econometrics},
  volume    = {31},
  number    = {3},
  pages     = {307--327},
  year      = {1986},
  publisher = {Elsevier}
}

@article{yuan2020comprehensive,
  title   = {A comprehensive survey on deep learning stock price prediction with full consideration of time series},
  author  = {Yuan, Xinyu and Yuan, Jiahui and Jiang, Tao and Ain, Qurrat Ul},
  journal = {arXiv preprint arXiv:2009.10467},
  year    = {2020}
}

@article{wang2022practical,
  title     = {A practical introduction to GARCH modeling},
  author    = {Wang, Guansong},
  journal   = {Journal of Econometrics},
  volume    = {222},
  number    = {1},
  pages     = {112--142},
  year      = {2022},
  publisher = {Elsevier}
}

@article{chen2024hybrid,
  title     = {A hybrid stock prediction method based on periodic/non-periodic features analyses},
  author    = {Chen, Zhixin and Jiang, Chenxi and Shen, Yuan},
  journal   = {EPJ Data Science},
  volume    = {13},
  number    = {1},
  pages     = {11},
  year      = {2024},
  publisher = {Springer}
}

@article{araya2024hybrid,
  title     = {A Hybrid GARCH and Deep Learning Method for Volatility Prediction},
  author    = {Araya, Jorge and Krysha, Alexey and Kristjanpoller, Werner and Nielsen, Tine and Sandemann, Martin},
  journal   = {Journal of Applied Mathematics},
  volume    = {2024},
  number    = {6305525},
  pages     = {1--16},
  year      = {2024},
  publisher = {Wiley}
}