@article{ghashghaie1996,
  author  = {Ghashghaie, S. and Breymann, W. and Peinke, J. and Talkner, P. and Dodge, Y.},
  title   = {Turbulent cascades in foreign exchange markets},
  journal = {Nature},
  volume  = {381},
  number  = {6585},
  pages   = {767--770},
  year    = {1996},
  doi     = {10.1038/381767a0}
}

@article{du2007,
  author  = {都国雄 and 宁宣熙},
  title   = {我国股市收益概率分布的统计特性分析},
  journal = {中国管理科学},
  volume  = {15},
  number  = {5},
  pages   = {16--22},
  year    = {2007}
}

@article{chen2008,
  author  = {陈收 and 杨宏林 and 李双飞},
  title   = {中国股票市场多标度幂律特征和临界现象},
  journal = {中国管理科学},
  volume  = {16},
  number  = {3},
  pages   = {8--15},
  year    = {2008}
}